<record><leader>02170pam a2200469 i 4500</leader><controlfield tag="001">6799240</controlfield><controlfield tag="003">OCoLC</controlfield><controlfield tag="005">20150119122540.0</controlfield><controlfield tag="008">141031s2015    nyua   c      000 1 eng  </controlfield><datafield ind1=" " ind2=" " tag="010"><subfield code="a">  2014041137</subfield></datafield><datafield ind1=" " ind2=" " tag="020"><subfield code="a">9780448461939 (paperback)</subfield></datafield><datafield ind1=" " ind2=" " tag="020"><subfield code="a">0448461935 (paperback)</subfield></datafield><datafield ind1=" " ind2=" " tag="035"><subfield code="a">ocn881093512</subfield></datafield><datafield ind1=" " ind2=" " tag="040"><subfield code="a">DLC</subfield><subfield code="b">eng</subfield><subfield code="e">rda</subfield><subfield code="c">DLC</subfield><subfield code="d">YDXCP</subfield><subfield code="d">BTCTA</subfield><subfield code="d">BDX</subfield><subfield code="d">BKL</subfield><subfield code="d">OCP</subfield><subfield code="d">OCLCO</subfield><subfield code="d">ZPJ</subfield><subfield code="d">IK2</subfield><subfield code="d">JBL</subfield><subfield code="d">UAB</subfield><subfield code="d">AEU</subfield></datafield><datafield ind1=" " ind2=" " tag="042"><subfield code="a">pcc</subfield><subfield code="a">lcac</subfield></datafield><datafield ind1="0" ind2="0" tag="050"><subfield code="a">PZ7.C62935</subfield><subfield code="b">Bdk 2015</subfield></datafield><datafield ind1="0" ind2="0" tag="082"><subfield code="a">[Fic]</subfield><subfield code="2">23</subfield></datafield><datafield ind1=" " ind2=" " tag="084"><subfield code="a">JUV045000</subfield><subfield code="a">JUV022020</subfield><subfield code="a">JUV037000</subfield><subfield code="2">bisacsh</subfield></datafield><datafield ind1=" " ind2=" " tag="090"><subfield code="a">PZ 7 C62935 Bdk 2015</subfield><subfield code="b">AEU</subfield></datafield><datafield ind1="1" ind2=" " tag="100"><subfield code="a">Coats, Lucy,</subfield><subfield code="e">author.</subfield></datafield><datafield ind1="1" ind2="0" tag="245"><subfield code="a">Beast keeper /</subfield><subfield code="c">by Lucy Coats ; art by Brett Bean.</subfield></datafield><datafield ind1=" " ind2="1" tag="264"><subfield code="a">New York, New York :</subfield><subfield code="b">Grosset &amp; Dunlap, an imprint of Penguin Group (USA) LLC,</subfield><subfield code="c">[2015]</subfield></datafield><datafield ind1=" " ind2=" " tag="300"><subfield code="a">135 pages :</subfield><subfield code="b">illustrations ;</subfield><subfield code="c">20 cm.</subfield></datafield><datafield ind1=" " ind2=" " tag="336"><subfield code="a">text</subfield><subfield code="2">rdacontent</subfield></datafield><datafield ind1=" " ind2=" " tag="337"><subfield code="a">unmediated</subfield><subfield code="2">rdamedia</subfield></datafield><datafield ind1=" " ind2=" " tag="338"><subfield code="a">volume</subfield><subfield code="2">rdacarrier</subfield></datafield><datafield ind1="1" ind2=" " tag="490"><subfield code="a">Beasts of Olympus ;</subfield><subfield code="v">1</subfield></datafield><datafield ind1=" " ind2=" " tag="520"><subfield code="a">Eleven-year-old Demon had never met his father, the god Pan, until the day he was whisked away to the stables of Olympus and charged with looking after all of the mythical creatures there, a task which is complicated by the tempestuous gods and goddesses and Heracles, who keeps killing the immortal beasts.</subfield></datafield><datafield ind1=" " ind2=" " tag="596"><subfield code="a">41</subfield></datafield><datafield ind1="0" ind2="0" tag="600"><subfield code="a">Heracles</subfield><subfield code="c">(Greek mythological character)</subfield><subfield code="v">Juvenile fiction.</subfield></datafield><datafield ind1="0" ind2="0" tag="600"><subfield code="a">Hera</subfield><subfield code="c">(Greek deity)</subfield><subfield code="v">Juvenile fiction.</subfield></datafield><datafield ind1=" " ind2="0" tag="650"><subfield code="a">Animals, Mythical</subfield><subfield code="v">Juvenile fiction.</subfield></datafield><datafield ind1=" " ind2="0" tag="650"><subfield code="a">Gods, Greek</subfield><subfield code="v">Juvenile fiction.</subfield></datafield><datafield ind1=" " ind2="0" tag="650"><subfield code="a">Goddesses, Greek</subfield><subfield code="v">Juvenile fiction.</subfield></datafield><datafield ind1=" " ind2="0" tag="650"><subfield code="a">Hydra (Greek mythology)</subfield><subfield code="v">Juvenile fiction.</subfield></datafield><datafield ind1=" " ind2="0" tag="650"><subfield code="a">Hephaestus (Greek deity)</subfield><subfield code="v">Juvenile fiction.</subfield></datafield><datafield ind1=" " ind2="0" tag="650"><subfield code="a">Mythology, Greek.</subfield></datafield><datafield ind1="1" ind2=" " tag="700"><subfield code="a">Bean, Brett,</subfield><subfield code="e">illustrator.</subfield></datafield><datafield ind1="1" ind2=" " tag="800"><subfield code="a">Coats, Lucy.</subfield><subfield code="t">Beasts of Olympus ;</subfield><subfield code="v">1.</subfield></datafield><datafield ind1="4" ind2="2" tag="856"><subfield code="3">Cover image</subfield><subfield code="u">ftp://ppftpuser:welcome@ftp01.penguingroup.com/Booksellers and Media/Covers/2008_2009_New_Covers/9780448461939.jpg</subfield></datafield><datafield ind1=" " ind2=" " tag="949"><subfield code="a">PZ 7 C62935 Bdk 2015</subfield><subfield code="c">1</subfield><subfield code="h">UAED-CU-B</subfield><subfield code="i">0162035228483</subfield></datafield><datafield ind1=" " ind2=" " tag="926"><subfield code="a">PZ 7 C62935 Bdk 2015</subfield><subfield code="w">LC</subfield><subfield code="c">1</subfield><subfield code="i">0162035228483</subfield><subfield code="l">CURRICULUM</subfield><subfield code="m">UAEDUC</subfield><subfield code="p">$150.00</subfield><subfield code="r">Y</subfield><subfield code="s">Y</subfield><subfield code="t">BOOK</subfield><subfield code="u">2/4/2015</subfield></datafield></record>